<record><leader>00000cas a22000007a 4500</leader><controlfield tag="001">1641071</controlfield><controlfield tag="008">750920d19391940mnuer ne      0    0eng d</controlfield><controlfield tag="009">501</controlfield><datafield ind1=" " ind2=" " tag="010"><subfield code="a">sn 90060225 </subfield></datafield><datafield ind1=" " ind2=" " tag="040"><subfield code="a">MUL</subfield><subfield code="b">eng</subfield><subfield code="c">MUL</subfield><subfield code="d">MN#</subfield></datafield><datafield ind1="1" ind2=" " tag="029"><subfield code="a">AU@</subfield><subfield code="b">000025904779</subfield></datafield><datafield ind1=" " ind2=" " tag="042"><subfield code="a">msc</subfield></datafield><datafield ind1=" " ind2=" " tag="043"><subfield code="a">n-us-mn</subfield></datafield><datafield ind1=" " ind2=" " tag="052"><subfield code="a">4144</subfield><subfield code="b">R6</subfield></datafield><datafield ind1=" " ind2=" " tag="052"><subfield code="a">4143</subfield><subfield code="b">H4</subfield></datafield><datafield ind1="0" ind2="4" tag="245"><subfield code="a">The Hennepin County farmer.</subfield></datafield><datafield ind1=" " ind2=" " tag="260"><subfield code="a">Robbinsdale, Minn. :</subfield><subfield code="b">Enterprise Pub. Corp.,</subfield><subfield code="c">1939-1940.</subfield></datafield><datafield ind1=" " ind2=" " tag="300"><subfield code="a">1 v.</subfield></datafield><datafield ind1=" " ind2=" " tag="321"><subfield code="a">Weekly,</subfield><subfield code="b">Aug. 29, 1939-Sept. 26, 1939</subfield></datafield><datafield ind1="0" ind2=" " tag="362"><subfield code="a">Vol. 1, no. 1 (Aug. 29, 1939)-v. 1, no. 10 (Jan. 23, 1940).</subfield></datafield><datafield ind1=" " ind2=" " tag="530"><subfield code="a">Available on microfilm from the Minnesota Historical Society.</subfield></datafield><datafield ind1="0" ind2="0" tag="785"><subfield code="t">North Hennepin farmer</subfield><subfield code="w">(DLC)sn 90060226</subfield></datafield></record>